@misc{freund2015extendedfrankwolfemethodinface,
      title={An Extended Frank-Wolfe Method with "In-Face" Directions, and its Application to Low-Rank Matrix Completion}, 
      author={Robert M. Freund and Paul Grigas and Rahul Mazumder},
      year={2015},
      eprint={1511.02204},
      archivePrefix={arXiv},
      primaryClass={math.OC},
      url={https://arxiv.org/abs/1511.02204}, 
}

@misc{candes2008exactmatrixcompletionconvex,
      title={Exact Matrix Completion via Convex Optimization}, 
      author={Emmanuel J. Candes and Benjamin Recht},
      year={2008},
      eprint={0805.4471},
      archivePrefix={arXiv},
      primaryClass={cs.IT},
      url={https://arxiv.org/abs/0805.4471}, 
}

@article{Frank1956AnAF,
  title={An algorithm for quadratic programming},
  author={Marguerite Frank and Philip Wolfe},
  journal={Naval Research Logistics Quarterly},
  year={1956},
  volume={3},
  pages={95-110},
  url={https://api.semanticscholar.org/CorpusID:122654717}
}

@misc{animeDataset,
  author = {Md Kazi Sajiduddin},
  title = {Anime Dataset: A Collection of MyAnimeList Data},
  year = {2023},
  howpublished = {Available on GitHub: \url{https://github.com/Sajid030/anime_dataset_generator} and Kaggle: \url{https://www.kaggle.com/datasets/dbdmobile/myanimelist-dataset/data?select=users-score-2023.csv}},
  note = {Accessed: 2025-01-05}
}

@article{doi:10.1137/15M104726X,
author = {Freund, Robert M. and Grigas, Paul and Mazumder, Rahul},
title = {An Extended Frank--Wolfe Method with “In-Face” Directions, and Its Application to Low-Rank Matrix Completion},
journal = {SIAM Journal on Optimization},
volume = {27},
number = {1},
pages = {319-346},
year = {2017},
doi = {10.1137/15M104726X},
URL = {https://doi.org/10.1137/15M104726X},
eprint = {https://doi.org/10.1137/15M104726X}
}

@article{10.1145/2827872,
author = {Harper, F. Maxwell and Konstan, Joseph A.},
title = {The MovieLens Datasets: History and Context},
year = {2015},
issue_date = {January 2016},
publisher = {Association for Computing Machinery},
address = {New York, NY, USA},
volume = {5},
number = {4},
issn = {2160-6455},
url = {https://doi.org/10.1145/2827872},
doi = {10.1145/2827872},
journal = {ACM Trans. Interact. Intell. Syst.},
month = dec,
articleno = {19},
numpages = {19},
keywords = {Datasets, MovieLens, ratings, recommendations}
}

@article{d8e5ac9d80b841129c2d1ff124cda213,
title = "Frank–Wolfe and friends: a journey into projection-free first-order optimization methods",
author = "Immanuel Bomze and Francesco Rinaldi and Damiano Zeffiro",
note = "Publisher Copyright: {\textcopyright} 2021, The Author(s).",
year = "2021",
month = sep,
day = "6",
doi = "10.1007/s10288-021-00493-y",
language = "English",
volume = "19",
pages = "313--345",
journal = "4 OR",
issn = "1619-4500",
number = "3",
}
