@article{kitten1,
  author = {Whiskers, Professor},
  title = {The Science of Purrfection},
  journal = {Journal of Feline Studies},
  year = {2022},
}

@book{kitten2,
  author = {Fluffypaws, Dr.},
  title = {Cuteness and Its Impact on Society},
  publisher = {Kitten's University Press},
  year = {2021},
}

@inproceedings{kitten3,
  author = {Cuddles, Miss},
  title = {The Art of Napping},
  booktitle = {Proceedings of the International Cat Nap Conference},
  year = {2020},
}
